@INPROCEEDINGS{7050661, 
author={S. L. Happy and A. Routray}, 
booktitle={Advances in Pattern Recognition (ICAPR), 2015 Eighth International Conference on}, 
title={Robust facial expression classification using shape and appearance features}, 
year={2015}, 
pages={1-5}, 
keywords={emotion recognition;face recognition;feature extraction;image classification;statistical analysis;support vector machines;LBP;PHOG;SVM;active facial patches;appearance feature extraction;expression analysis;face regions;facial expression recognition;facial landmark detection;linear discriminant analysis;local binary pattern;pyramid-of-histogram-of-gradient;robust facial expression classification;shape feature extraction;support vector machine;Databases;Face;Face recognition;Feature extraction;Histograms;Shape;Support vector machines;Facial expression recognition;Linear Discriminant Analysis;Local Binary Patterns;Pyramid of Histogram of Gradient;Support Vector Machine;active facial patch}, 
doi={10.1109/ICAPR.2015.7050661}, 
month={Jan},}

@INPROCEEDINGS{5543262, 
	author={P. Lucey and J. F. Cohn and T. Kanade and J. Saragih and Z. Ambadar and I. Matthews}, 
	booktitle={2010 IEEE Computer Society Conference on Computer Vision and Pattern Recognition - Workshops}, 
	title={The Extended Cohn-Kanade Dataset (CK+): A complete dataset for action unit and emotion-specified expression}, 
	year={2010}, 
	pages={94-101}, 
	keywords={emotion recognition;face recognition;image classification;support vector machines;CK database;SVM classifier;action unit;active appearance models;emotion detection;emotion-specified expression;extended Cohn-Kanade dataset;facial expression detection;leave-one-out subject cross-validation;linear support vector machine;Active appearance model;Code standards;Databases;Face detection;Gold;Measurement;Performance evaluation;Support vector machine classification;Support vector machines;Testing}, 
	doi={10.1109/CVPRW.2010.5543262}, 
	ISSN={2160-7508}, 
	month={June},}

@misc{Haar,
	title={Face Detection using Haar Cascades},
	howpublished = {\url{http://docs.opencv.org/trunk/d7/d8b/tutorial\_py\_face\_detection.html}},
	note = {Accessed: 2016-10-30}
}

@misc{mlp,
	title={Neural Networks},
	howpublished = {\url{http://docs.opencv.org/2.4/modules/ml/doc/neural\_networks.html}},
	note = {Accessed: 2016-10-30}
}

@misc{lyons1998japanese,
	title={The Japanese female facial expression (JAFFE) database},
	author={Lyons, Michael J and Akamatsu, Shigeru and Kamachi, Miyuki and Gyoba, Jiro and Budynek, Julien},
	journal={1998). http://www. kasrl, org/jaffe, html},
	year={1998}
}

@inproceedings{viola2001rapid,
	title={Rapid object detection using a boosted cascade of simple features},
	author={Viola, Paul and Jones, Michael},
	booktitle={Computer Vision and Pattern Recognition, 2001. CVPR 2001. Proceedings of the 2001 IEEE Computer Society Conference on},
	volume={1},
	pages={I--511},
	year={2001},
	organization={IEEE}
}

@article{van2014scikit,
	title={scikit-image: image processing in Python},
	author={Van der Walt, Stefan and Sch{\"o}nberger, Johannes L and Nunez-Iglesias, Juan and Boulogne, Fran{\c{c}}ois and Warner, Joshua D and Yager, Neil and Gouillart, Emmanuelle and Yu, Tony},
	journal={PeerJ},
	volume={2},
	pages={e453},
	year={2014},
	publisher={PeerJ Inc.}
}